@incollection{Dubois2016,
author = {Dubois, Arthur and van der Geest, Martin and Bevirt, JoeBen and Christie, Robert and Borer, Nicholas K and Clarke, Sean C},
booktitle = {16th AIAA Aviation Technology, Integration, and Operations Conference},
month = {jun},
publisher = {American Institute of Aeronautics and Astronautics},
series = {AIAA Aviation},
title = {{Design of an Electric Propulsion System for SCEPTOR's Outboard Nacelle}},
url = {http://dx.doi.org/10.2514/6.2016-3925},
year = {2016}
}

@inbook{Incropera,
	Author = {Incropera, F.P. and DeWitt, D.P.},
	Booktitle = {Fundamentals of heat and mass transfer},
	Publisher = {J. Wiley},
	Title = {Fundamentals of heat and mass transfer},
	Year = {2002},
}

@inbook{White,
	Author = {White, Frank M.},
	Booktitle = {Fluid Mechanics},
	Publisher = {McGraw Hill},
	Title = {Fluid Mechanics},
	Year = {1979},
}

@inbook{Kays,
	Author = {Kays , W.M. and Crawford, M.E.},
	Booktitle = {Convective Heat and Mass Transfer, Third Edition},
	Publisher = {McGraw Hill},
	Title = {Convective Heat and Mass Transfer, Third Edition},
	Year = {1993},
}

@inarticle{Schnulo,
	author = {Schnulo, Sydney and Chin, Jeffrey and Smith, Andrew},
    publisher = {American Institute of Aeronautics and Astronautics},
    series = {Aviation},
    title = {{Steady State Thermal Analyses of Wingtip Propulsor on SCEPTOR X-57}},
    year = {2017},
}

@inbook{Cengal,
	Author = {Cengal, Y. and Turner, R. and Cimbala, J.},
	Booktitle = {Fundamentals of thermal-fluid sciences},
	Publisher = {McGraw-Hill Companies},
	Title = {Fundamentals of thermal-fluid sciences},
	Year = {2008},
}

@inbook{Turns,
	Author = {Turns, S.},
	Booktitle = {Thermal-fluid sciences: An integrated approach},
	Publisher = {Cambridge University Press},
	Title = {Thermal-fluid sciences: An integrated approach},
	Year = {2006},
}

@mastersthesis{Berton,
author = {Jeffrey Berton},
title = {An Experimental Investigation of Natural and Combined 
Convection from an Isothermal Horizontal Plate},
school ={University of Illinois at Urbana-Champaign},
year = {1986},
}

@inarticle{Clausing,
author = {A.M. {Clausing}},
title = {Simple Functional Representations for the Thermophysical Properties of Gases at Standard Pressure}, 
part = {4},
year = {1982},
year = {1982},
journal = {ASHRAE Transactions, vol 88},
pages = {645-654},
}

@inarticle{Churchill,
author = {S.W. {Churchill} and H.H.S. {Chu}},
title = {Correlating Equations for Laminar and Turbulent Free Convection from a Horizontal Cylinder},
part = {18,1049},
year = {1975},
journal = {Int. J. Heat Mass Transfer}
}

@inmanual{ODEint,
	title = {SciPy ODEint, https://docs.scipy.org/doc/scipy-0.18.1/reference/generated/scipy.integrate.odeint.html},
	year = {2016},
}

@inmanual{CRtech_2013,
	title = {C&R Technologies Sinaps 5.6 User's Manual},
	year = {2013},
}

@inmanual{CRTech_2015,
	title = {C&R Technologies SINDA/FLUINT General Purpose Thermal/Fluid Network Analyzer User's Manual Version 5.8},
	year = {2015},
}

@inarticle{Johnson,
author = {D.L {Johnson}},
title = {Terrestrial Environment (Climatic) Criteria Guidelines for use in Aerospace Vehicle Development},
year = {2008},
journal = {NASA Technical Report Server TM2008-215633 }
}


@article{alyanak_2016_fuel,
  title={Fuel Thermal Management System Considerations in the Aircraft Conceptual Design Process},
  organization={AIAA}, 
  booktitle={57th AIAA/ASCE/AHS/ASC Structures, Structural Dynamics, and Materials Conference},
  date = {2016-04-08},
  author={Alyanak, Edward J and Allison, Darcy L},
  year={2016}
}

@article{falck_X57,
  title={Trajectory Optimization of Electric Aircraft Subject to Subsystem Thermal Constraints},
  organization={AIAA}, 
  booktitle={57th AIAA/ASCE/AHS/ASC Structures, Structural Dynamics, and Materials Conference},
  date = {2016-06-08},
  author={Falck, R. and Chin, J and Schnulo, S and Burt, J. and Gray, J.},
  year={2016}
}


@incollection{Borer_2016,
annote = {doi:10.2514/6.2016-3920},
author = {Borer, Nicholas K and Patterson, Michael D and Viken, Jeffrey K and Moore, Mark D and Bevirt, JoeBen and Stoll, Alex M and Gibson, Andrew R},
booktitle = {16th AIAA Aviation Technology, Integration, and Operations Conference},
doi = {doi:10.2514/6.2016-3920},
month = {jun},
publisher = {American Institute of Aeronautics and Astronautics},
series = {AIAA Aviation},
title = {{Design and Performance of the NASA SCEPTOR Distributed Electric Propulsion Flight Demonstrator}},
url = {http://dx.doi.org/10.2514/6.2016-3920},
year = {2016}
}

@inarticle{Papathakis,
	author = {Papathakis, Kurt, Kloesel, Kurt, Lin, Yohan, Clarke, Sean, and Ginn, Starr},
    publisher = {American Institute of Aeronautics and Astronautics},
    series = {Propulsion Energy},
    title = {{Design and Development of a 200-kW Turbo-electric
Distributed Propulsion Testbed}},
    month = {June},
    year = {2016},
}

@incollection{Aamod_2015,
annote = {20160001339},
author = {Aamod, Samuel and Lin, Yohan},
booktitle = {AIAA Propulsion and Energy Conference; 27-29 Jul. 2015; Orlando, FL},
doi = {20160001339},
month = {27-29 jul},
publisher = {American Institute of Aeronautics and Astronautics},
series = {AIAA Propulsion and Energy},
title = {{Airvolt Aircraft Electric Propulsion Test Stand }},
url = {https://ntrs.nasa.gov/search.jsp?R=20160001339},
year = {2015}
}


@article{CoreLoss,
    author = {K. Venkatachalam, C. Sullivan, T. Abdallah, and H. Tacca},
    title = {Accurate prediction of ferrite core loss with non-sinusoidal waveforms using only Steinmetz parameters},
    series = {Computers in Power Electronics},
    year ={2002},
    proceedings = {2002 IEEE Workshop on, june 2002, pp. 36 – 41.}
}

@article{JFE,
    title={Super Core: Magnetic Property Curves JNEX-CORE JNHF-CORE},
    publisher={JFE Steel Corporation}
}   

@inthesis{Krings,
    author={A. Krings},
    title={Iron Losses in electrical Machines – Influence of Material Properties, Manufacturing Processes, and Inverter Operation},
    publisher={Doctoral Thesis KTH University. Stockholm},
    year={2014}
}

@article{Roshen,
    author = {W. Roshen},
    title = {Iron loss model for permanent-magnet synchronous motors},
    series = {Computers in Power Electronics},
    year ={Aug. 2007},
    proceedings = {IEEE Trans. Magn., vol. 43, no. 8, pp. 3428–3434}
}

@article{Roshen,
    author = {Z. Huang, J. Fang, X. Liu, and B. Han},
    title = {Loss calculation and thermal analysis of rotors supported by active magnetic bearings for high speed permanent-magnet electrical machines},
    series = {IEEE Trans. Ind. Electron},
    year ={Apr. 2016},
    proceedings = {IEEE Trans. Ind. Electron., vol. 63, no. 4, pp. 2027–2035}
}

@article{Saari,
    author = {J. Saari},
    title = {Thermal analysis of high-speed induction machines},
    series = {Ph.D. dissertation},
    year ={198},
    proceedings = {Dept. Elect. Commun. Eng., Helsinki Univ. Technol., Espoo, Finland}
}
